@article{Lowe2004,
author = {Lowe, David G.},
doi = {10.1023/B:VISI.0000029664.99615.94},
file = {:C$\backslash$:/Users/Julian/Google Drive/Localization Paper/distinctive image features from scale-invariant keypoints.pdf:pdf},
issn = {0920-5691},
journal = {International Journal of Computer Vision},
keywords = {image matching,invariant features,object recognition,scale invariance},
month = nov,
number = {2},
pages = {91--110},
title = {{Distinctive Image Features from Scale-Invariant Keypoints}},
url = {http://www.springerlink.com/openurl.asp?id=doi:10.1023/B:VISI.0000029664.99615.94},
volume = {60},
year = {2004}
}
