@article{Lee2012,
author = {Lee, Yong-Hwan and Kim, Bonam and Kim, Heung-Jun},
doi = {10.1016/j.camwa.2011.08.019},
file = {:Users/cglab/Library/Application Support/Mendeley Desktop/Downloaded/Lee, Kim, Kim - 2012 - Efficient object identification and localization for image retrieval using query-by-region.pdf:pdf},
issn = {08981221},
journal = {Computers \& Mathematics with Applications},
month = jan,
number = {2},
pages = {511--517},
publisher = {Elsevier Ltd},
title = {{Efficient object identification and localization for image retrieval using query-by-region}},
url = {http://linkinghub.elsevier.com/retrieve/pii/S0898122111006821},
volume = {63},
year = {2012}
}
