% This file was created with JabRef 2.7.2.
% Encoding: UTF8

%--------------------------------------New Reference------------------------------------------------------------

@article{Lee2012,
	author = {Lee, Yong-Hwan and Kim, Bonam and Kim, Heung-Jun},
	title = {{Efficient object identification and localization for image retrieval using query-by-region}},
	journal = {Computers \& Mathematics with Applications},
	year = {2012},
	month = jan,
	volume = {63},
	pages = {511--517},
	number = {2},
	publisher = {Elsevier Ltd}
}


@article{Lowe2004,
	author = {Lowe, David G.},
	title = {{Distinctive Image Features from Scale-Invariant Keypoints}},
	journal = {International Journal of Computer Vision},
	year = {2004},
	month = nov,
	volume = {60},
	pages = {91--110},
	number = {2}
}

@article{Du2011,
	author = {Du, Hao and Henry, Peter and Ren, Xiaofeng and Cheng, Marvin and Goldman, Dan B. and Seitz, Steven M. and Fox, Dieter},
	title = {{Interactive 3D modeling of indoor environments with a consumer depth camera}},
	journal = {Proceedings of the 13th international conference on Ubiquitous computing - UbiComp '11},
	year = {2011},
	pages = {75--84},
	publisher = {ACM Press},
}

@article{Harris198887,
	author = "C.G. Harris and J.M. Pike",
	title = "3D positional integration from image sequences",
	journal = "Image and Vision Computing",
	year = "1988",
	volume = "6",
	number = "2",
	pages = "87 - 90",
}

@article{174711, 
	author={Leonard, J.J. and Durrant-Whyte, H.F.}, 
	title={Simultaneous map building and localization for an autonomous mobile robot}, 
	year={1991}, 
	month={nov},  
	pages={1442 -1447 vol.3}, 
}

@article{1087373, 
	author={ Chatila, R. and Laumond, J.}, 
	title={Position referencing and consistent world modeling for mobile robots}, 
	journal={Robotics and Automation. Proceedings. 1985 IEEE International Conference on},
	year={1985}, 
	month={mar}, 
	volume={2}, 
	pages={ 138 - 145}, 
}

@article{Smith1988,
	 author = {Smith, Randall and Self, Matthew and Cheeseman, Peter},
	 title = {A stochastic map for uncertain spatial relationships},
	 journal = {Proceedings of the 4th international symposium on Robotics Research},
	 pages = {467--474},
	 year = {1988},
} 

@article{Betge1996, 
	author={Betge-Brezetz, S. and Hebert, P. and Chatila, R. and Devy, M.}, 
	title={Uncertain map making in natural environments}, 
 	journal={Robotics and Automation, 1996. Proceedings., 1996 IEEE International Conference on}, 
 	year={1996}, 
 	month={apr}, 
 	volume={2}, 
 	number={}, 
 	pages={1048 -1053}, 
}

@article{Davison2001, 
	author={Davison, A.J. and Kita, N.}, 
	title={3D simultaneous localisation and map-building using active vision for a robot moving on undulating terrain}, 
	booktitle={Computer Vision and Pattern Recognition, 2001. CVPR 2001. Proceedings of the 2001 IEEE Computer Society Conference on},
	year={2001}, 
	month={}, 
	volume={1}, 
	number={}, 
	pages={ I-384 - I-391}, 
}

@article{Durrant2003,
	author={Durrant-Whyte, Hugh and Majumder, Somajyoti and Thrun, Sebastian and Battista, Marc and Scheding, Steve},
	title={A Bayesian Algorithm for Simultaneous Localisation and Map Building in Springer Tracts in Advanced Robotics},
	booktitle={Robotics Research},
	year={2003},
	volume={6},
	pages={49-60},
	publisher={Springer Berlin Heidelberg},
}


@article{Bay2006,
	author={Bay, Herbert and Tuytelaars, Tinne and Gool, Luc},
	title={SURF: Speeded Up Robust Features},
	journal={Computer Vision â€“ ECCV 2006},
	year={2006},
	volume={3951},
	pages={404-417}
	publisher={Springer Berlin Heidelberg},
}

@article{Guo2009, 
	author={Guoshen Yu and Morel, J.-M.}, 
	title={A fully affine invariant image comparison method}, 
	journal={Acoustics, Speech and Signal Processing, 2009. ICASSP 2009. IEEE International Conference on},
	year={2009}, 
	month={april}, 
	volume={}, 
	pages={1597 -1600}, 
}

@article{Fischler1981,
	 author = {Fischler, Martin A. and Bolles, Robert C.},
	 title = {Random sample consensus: a paradigm for model fitting with applications to image analysis and automated cartography},
	 journal = {Commun. ACM},
	 year = {1981},
	 month ={jun},
	 volume = {24},
	 pages = {381--395},
	 publisher = {ACM},
} 

%------------------------------------------------------------------------------------------------------------------


@comment{jabref-meta: selector_publisher:}

@comment{jabref-meta: selector_author:}

@comment{jabref-meta: selector_journal:}

@comment{jabref-meta: selector_keywords:}

